%main source
@Article{vieira17,
	author = {Vieira, Tim and Eisner, Jason},
	title = {Learning to Prune: Exploring the Frontier of Fast and Accurate Pasring},
	journal = {Transactions of the Association for Computational Linguistics (TACL)},
	volume = {5},
	month = {2},
	year = {2017}
}

%lcfrs (1)
@Inproceedings{vshanker87,
	author = {Vijay-Shanker, K. and Weir, David J. and Joshi, Aravind K.},
 	title = {Characterizing Structural Descriptions Produced by Various Grammatical
 		Formalisms},
 	booktitle = {Proceedings of the 25th Annual Meeting on Association for Computational
 		Linguistics},
 	series = {ACL '87},
 	year = {1987},
 	location = {Stanford, California},
 	pages = {104--111},
 	numpages = {8},
 	url = {https://doi.org/10.3115/981175.981190},
 	doi = {10.3115/981175.981190},
 	acmid = {981190},
 	publisher = {Association for Computational Linguistics},
 	address = {Stroudsburg, PA, USA}
}

%lcfrs (2)
@Book{kallmeyer12,
 	author = {Kallmeyer, Laura},
 	title = {Parsing Beyond Context-Free Grammars},
 	year = {2012},
 	isbn = {3642264530, 9783642264535},
 	publisher = {Springer Publishing Company, Incorporated}
}

%lcfrs - main work
@Inproceedings{kallmeyer10,
 	author = {Kallmeyer, Laura and Maier, Wolfgang},
 	title = {Data-driven Parsing with Probabilistic Linear Context-free Rewriting Systems},
 	booktitle = {Proceedings of the 23rd International Conference on Computational
 		Linguistics},
 	series = {COLING '10},
 	year = {2010},
 	location = {Beijing, China},
 	pages = {537--545},
 	numpages = {9},
 	url = {http://dl.acm.org/citation.cfm?id=1873781.1873842},
 	acmid = {1873842},
 	publisher = {Association for Computational Linguistics},
 	address = {Stroudsburg, PA, USA}
}

%plcfrs
@Inproceedings{kato06,
 	author = {Kato, Yuki and Seki, Hiroyuki and Kasami, Tadao},
 	title = {Stochastic Multiple Context-free Grammar for RNA Pseudoknot Modeling},
 	booktitle = {Proceedings of the Eighth International Workshop on Tree Adjoining Grammar
 		and Related Formalisms},
 	series = {TAGRF '06},
 	year = {2006},
 	isbn = {1-932432-85-X},
 	location = {Sydney, Australia},
 	pages = {57--64},
 	numpages = {8},
 	url = {http://dl.acm.org/citation.cfm?id=1654690.1654698},
 	acmid = {1654698},
 	publisher = {Association for Computational Linguistics},
 	address = {Stroudsburg, PA, USA}
}

%parser
@Article{nederhof03,
  title={Weighted deductive parsing and Knuth's algorithm},
  author={Nederhof, Mark-Jan},
  journal={Computational Linguistics},
  volume={29},
  number={1},
  pages={135--143},
  year={2003},
  publisher={MIT Press}
}

%LOLS
@Inproceedings{chang15,
	Author = {Chang, Kai-Wei and Krishnamurthy, Akshay and Agarwal, Alekh and
   		Daume, Hal and Langford, John},
	Publisher = {JMLR Workshop and Conference Proceedings},
	title = {Learning to Search Better than Your Teacher},
	year = {2015},
	Booktitle = {Proceedings of the 32nd International Conference on
		Machine Learning (ICML-15)},
	Editor = {David Blei and Francis Bach},
	pages = {2058-2066}
}

%dataset aggregation
@Article{ross10,
 	author    = {Ross, St{\'{e}}phane and
        	    Gordon, Geoffrey J. and
       	      	Bagnell, J. Andrew},
	title     = {No-Regret Reductions for Imitation Learning and Structured Prediction},
	journal   = {CoRR},
	volume    = {abs/1011.0686},
	year      = {2010}
}

%change propagation
@Inbook{acar09,
	author={Acar, Umut A.
		and Ley-Wild, Ruy},
	editor={Koopman, Pieter
		and Plasmeijer, Rinus
		and Swierstra, Doaitse},
	title={Self-adjusting Computation with Delta ML},
	bookTitle={Advanced Functional Programming: 6th International School, AFP 2008, Heijen,
	 	The Netherlands, May 2008, Revised Lectures},
	year={2009},
	publisher={Springer Berlin Heidelberg},
	pages={1--38},
	isbn={\par 978-3-642-04652-0},
	doi={10.1007/978-3-642-04652-0_1}
}

%precision, recall, f score
@Article{powers11,
	author		= {Powers, David M. W.},
	title		= {Evaluation: from Precision, Recall and F-measure to ROC, Informedness,
				Markedness and Correlation},
	journal		= {Journal of Machine Learning Technologies},
	year		= {2011},
	volume		= {2},
	number		= {1},
	pages		= {37 - 63},
	issn		= {2229-3981 \& 2229-399X}
}

%discodop
@Article{vancranenburgh16,
    title={Data-Oriented Parsing with discontinuous constituents and function tags},
    author={van Cranenburgh, Andreas and Remko Scha and Rens Bod},
    journal={Journal of Language Modelling},
    year={2016},
    volume={4},
    number={1},
    pages={57--111},
    url={http://dx.doi.org/10.15398/jlm.v4i1.100}
}