%main source
@Article{vieira17,
	author = {Vieira, Tim and Eisner, Jason},
	title = {Learning to Prune: Exploring the Frontier of Fast and Accurate Parsing},
	journal = {Transactions of the Association for Computational Linguistics (TACL)},
	volume = {5},
	month = {2},
	year = {2017}
}

%LOLS
@inproceedings{chang15,
	Author = {Chang, Kai-Wei and Krishnamurthy, Akshay and Agarwal, Alekh and
   		Daume, Hal and Langford, John},
	Publisher = {JMLR Workshop and Conference Proceedings},
	title = {Learning to Search Better than Your Teacher},
	year = {2015},
	Booktitle = {Proceedings of the 32nd International Conference on
		Machine Learning (ICML-15)},
	Editor = {David Blei and Francis Bach},
	pages = {2058-2066}
}

%dataset aggregation
@article{ross10,
 	author    = {Ross, St{\'{e}}phane and
        	    Gordon, Geoffrey J. and
       	      	Bagnell, J. Andrew},
	title     = {No-Regret Reductions for Imitation Learning and Structured Prediction},
	journal   = {CoRR},
	volume    = {abs/1011.0686},
	year      = {2010}
}

%inside outside backprop algorithm
@Inproceedings{eisner16,
	author 		= {Eisner, Jason},
	title 		= {Inside-Outside and Forward-Backward Algorithms Are Just Backprop},
	booktitle	= {Proceedings of the Workshop on Structured Prediction for
				Natural Language Processing},
	pages 		= {1 - 17},
	publisher	= {The Association for Computational Linguistics (ACL)},
	adress		= {Austin, Texas, USA},
	year 		= {2016},
	month		= {11},
	isbn		= {978-1-945626-29-6}
}